%% This BibTeX bibliography file was created using BibDesk.
%% http://bibdesk.sourceforge.net/

%% Created for James Kauten at 2017-10-03 19:18:28 -0500 


%% Saved with string encoding Unicode (UTF-8) 



@webpage{assemblylanguage,
	Date-Added = {2017-10-04 00:02:25 +0000},
	Date-Modified = {2017-10-04 00:18:28 +0000},
	Keywords = {assembly language},
	Month = {October},
	Url = {https://www.merriam-webster.com/dictionary/assembly language},
	Year = {2017},
	Bdsk-Url-1 = {https://www.merriam-webster.com/dictionary/assembly%20language}}

@article{schmidtt,
	Author = {Schmitt, William F.},
	Date-Modified = {2017-10-03 22:42:56 +0000},
	Journal = {IEEE Ann. Hist. Comput.},
	Month = January,
	Number = {1},
	Pages = {7--18},
	Title = {The UNIVAC SHORT CODE},
	Volume = {10},
	Year = {1988}}
